
@inbook{midpoint_rule,
  author	= "A.C Faul",
  title	= "A Concise Introduction to Numerical Analysis",
  chapter	= "5",
  pages	= "131",
  publisher= "CRC Press",
  year	= "2016",
}

@Article{Hunter:2007,
  Author   = {Hunter, J. D.},
  Title     = {Matplotlib: A 2D graphics environment},
  Journal   = {Computing in Science \& Engineering},
  Volume    = {9},
  Number    = {3},
  Pages     = {90--95},
  abstract  = {Matplotlib is a 2D graphics package used for Python for
  application development, interactive scripting, and publication-quality
  image generation across user interfaces and operating systems.},
  publisher = {IEEE COMPUTER SOC},
  doi       = {10.1109/MCSE.2007.55},
  year      = 2007
}

@misc{OpenMP_tutorial,   
    title = {{OpenMP}}, 
    url = {https://hpc-tutorials.llnl.gov/openmp/},   
    howpublished = "\url{https://hpc-tutorials.llnl.gov/openmp/}",
    author = {Barney, B.},   
    year = {},
    note = {Accessed on October 5, 2023} 
}

@misc{vaswani2023attention,
      title={Attention Is All You Need}, 
      author={Ashish Vaswani and Noam Shazeer and Niki Parmar and Jakob Uszkoreit and Llion Jones and Aidan N. Gomez and Lukasz Kaiser and Illia Polosukhin},
      year={2023},
      eprint={1706.03762},
      archivePrefix={arXiv},
      primaryClass={cs.CL}
}

@misc{devlin2019bert,
      title={BERT: Pre-training of Deep Bidirectional Transformers for Language Understanding}, 
      author={Jacob Devlin and Ming-Wei Chang and Kenton Lee and Kristina Toutanova},
      year={2019},
      eprint={1810.04805},
      archivePrefix={arXiv},
      primaryClass={cs.CL}
}

@book{Goodfellow-et-al-2016,
    title={Deep Learning},
    author={Ian Goodfellow and Yoshua Bengio and Aaron Courville},
    publisher={MIT Press},
    note={\url{http://www.deeplearningbook.org} [Accessed: 9 Juni, 2024]},
    year={2016}
}

@misc{reimers2019sentencebert,
      title={Sentence-BERT: Sentence Embeddings using Siamese BERT-Networks}, 
      author={Nils Reimers and Iryna Gurevych},
      year={2019},
      eprint={1908.10084},
      archivePrefix={arXiv},
      primaryClass={cs.CL}
}

@misc{news_uk_dataset,
      title={Google News UK Dataset (20110-2024)},
      author={Víctor Núñez},
      howpublished = {\url{https://www.kaggle.com/datasets/victornuez/google-news-uk-2010-2024}},
      note = {[Accessed: 13 Juni, 2024]},
      year = {2024},
      }

@misc{MHJ_lecture_notes_W1,
      title={FYS5429-Advanced Advanced machine learning and data analysis for the physical sciences - Lecture Notes},
      author={Morten Hjorth-Jensen},
      year={2024},
      month= {January - May},
      howpublished = {\url{https://github.com/CompPhysics/AdvancedMachineLearning/tree/main/doc/pub}},
      note = {[Accessed: 13 Juni, 2024]},
      }

@article{li2023angle_mixbread,
  title={AnglE-optimized Text Embeddings},
  author={Li, Xianming and Li, Jing},
  journal={arXiv preprint arXiv:2309.12871},
  year={2023}
}
